% $Id: info.bib,v 1.4 2004/07/11 06:12:19 jsekhon Exp jsekhon $
% end comments for RCS

@string{aer = "American Economic Review"}
@string{ajps= "American Journal of Political Science"}
@string(apq = "American Politics Quarterly")
@string{apsr= "American Political Science Review"}
@string{ams = "Annals of Mathematical Statistics"}
@string{asr=  "American Sociological Review"}
@string{aos = "Annals of Statistics"}
@string{bjps= "British Journal of Political Science"}
@string{ec  = "Econometrica"}
@string{ier = "International Economic Review"}
@string{jama= "Journal of the American Medical Association"}
@string{jasa= "Journal of the American Statistical Association"}
@string{je  = "Journal of Econometrics"}
@string{jel = "Journal of Economic Literature"}
@string{jep = "Journal of Economic Perspectives"}
@string{jet = "Journal of Economic Theory"}
@string{jmcb= "Journal of Money, Credit, and Banking"}
@string{jme = "Journal of Monetary Economics"}
@string{jpe = "Journal of Political Economy"}
@string{jop = "Journal of Politics"}
@string{jrsa= "Journal of the Royal Statistical Society, Series A"}
@string{jrssb= "Journal of the Royal Statistical Society, Series B"}
@string{lsq = "Legislative Studies Quarterly"}
@string{pa  = "Political Analysis"}
@string{pm  = "Political Methodology"}
@string{pop = "Perspectives on Politics"}
@string{ps  = "PS: Political Science and Politics"}
@string{qje = "Quarterly Journal of Economics"}
@string{qjps ="Quarterly Journal of Political Science"}
@string{res = "Review of Economic Studies"}
@string{sm =  "Statistics in Medicine"}

@string{c-h = "Chapman \& Hall"}
@string{cup = "Cambridge University Press"}
@string{cornell.up = "Cornell University Press"}
@string{hup = "Harvard University Press"}
@string{mit = "MIT Press"}
@string(pup = {Princeton University Press})
@string{oup  = "Oxford University Press"}
@string{s-v = "Springer-Verlag"}
@string(sup = "Stanford University Press")
@string{ucp = "University of California Press"}
@string{uchp = "University of Chicago Press"}
@string{ump = "University of Michigan Press"}
@string{yup = "Yale University Press"}
@string{cq  = "Congressional Quarterly"}

@string{aa  = "Ann Arbor"}
@string{berk= "Berkeley"}
@string{bos = "Boston"}
@string{cam = "Cambridge, MA"}
@string{camUK = "Cambridge, UK"}
@string{chic= "Chicago"}
@string{dc  = "Washington, D.C."}
@string{nh  = "New Haven"}
@string{nj  = "New Jersey"}
@string{ny  = "New York"}
@string{sf  = "San Francisco"}
@string{st  = "Stanford"}

@Article{Ashenfelter:78,
  author =   {Orley Ashenfelter},
  title =    {Estimating the Effects of Training Programs on Earnings},
  journal =      {Review of Economics and Statistics},
  year =     {1978},
  volume =    {60},
  number =    {1},
  pages =    {47--57},
  month =    {February}
}

@article( austin2008,
  author=      {Austin, Peter C},
  title=       {A Critical Appraisal of Propensity Score Matching in the Medical Literature Between 1996 and 2003},
  journal=     sm, volume=27, number=12,
  pages=       {2037--2049},
  year=        2008
)

@article( austin.mdm.2009,
  author=      {Austin, Peter C},
  title=       {The Relative Ability of Different Propensity Score Methods to Balance Measured Covariates Between Treated and Untreated Subjects in Observational Studies},
  journal=     mdm, volume=29, number=25,
  pages=       {661--677},
  year=        "2009"
)

@article( austin.sm.2009,
  author=      {Austin, Peter C},
  title=       {Balance Diagnostics for Comparing the Distribution of Baseline Covariates Between Treatment Groups in Propensity Score Matched Samples},
  journal=     sm, volume=28, number=25,
  pages=       {3083--3107},
  year=        "2009"
)

@article( LehrerKordas,
  author=       {Lehrer, Steven F. and Gregory Kordas},
  title=        {Matching using Semiparametric Propensity Scores},
  journal=      "Empirical Economics",
  year=         "forthcoming"
)

@article( McCaffreyBOOST2004,
  author=       {McCaffrey, DF and G Ridgeway and AR Morral},
  title=        {Propensity Score Estimation with Boosted Regression for Evaluating Causal Effects in Observational Studies},
  journal=      {Psychological Methods}, volume=9, number=4,
  pages=        {403--425},
  year=         2004
)

@article( randomForest,
  author=       {Liaw, A and M Wiener},
  title=        {Classification and Regression by Random Forest},
  journal=      {R News}, volume=2, number=3,
  pages=        {18--22},
  year=         2002
)

@article( setoguchi2008,
  author=       {Setoguchi, Soko and Sebastian Schneeweiss and M.~Alan Brookhart and Robert J.~Glynn and E.~Francis Cook},
  title=        {Evaluating Uses of Data Mining Techniques in Propensity Score Estimation: A Simulation Study},
  journal=      {Pharmacoepidemiology and Drug Safety}, volume=17, number=6, 
  pages=        {546--555},
  year=         2008
)

@unpublished( twang,
  author=       {Ridgeway, G and DF McCaffrey and AR Morral},
  title=        {Twang: Toolkit for Weighting and Analysis of Nonequivalent Groups},
  note=         {R Package Version 1.0-2},
  year=         2010
)

@Comment  LocalWords:  apsr booktitle Finifter Zaller NES Iyengar Shanto Brehm
@Comment  LocalWords:  AlvarezBrehm ajps HorvitzThompson Horvitz jasa ny kunsch
@Comment  LocalWords:  MannWhitney Psychometrika Biometrika rubinMI Stefanski
@Comment  LocalWords:  Cantoni Elvezio Ronchetti CarrollPederson Pederson jssrb
@Comment  LocalWords:  copas jrssb sekhon glmRob Probit Fearon Laitin's althaus
@Comment  LocalWords:  Bartels's MebaneSekhon Keisuke Geert ec Allyson Berent
@Comment  LocalWords:  Krosnick Visser Boninger Hausman Kosuke Rosenbaum Bon Ai
@Comment  LocalWords:  Kornhauser Jamieson hersh url huntington Zakaria Fareed
@Comment  LocalWords:  zakaria rustow Dankwart Lipset geddes MacKuen Brunell
@Comment  LocalWords:  BrunellNiNardo DiNardo Reweighting AldrichMcKelvey rubin
@Comment  LocalWords:  McKelvey imbens abadie incollection dominguez nguez jop
@Comment  LocalWords:  Chappell Ordeshook Lupia fishkin Subclassification Jong
@Comment  LocalWords:  CochranRubin BertsimasTsitsiklis Bertsimas Dimitris Boix
@Comment  LocalWords:  Tsitsiklis Kaufmann Quantile Ellipsoidally Galiani Segal
@Comment  LocalWords:  Gertler Schargrodsky GalianiGertlerSchargrodsky Diprete
@Comment  LocalWords:  DipreteEngelhardt Engelhardt herbert Winship Mosteller
@Comment  LocalWords:  WinshipMorgan BowersHansen Przeworski Carles Affinely
@Comment  LocalWords:  aos Bonney Wrone Minozzi cochran Guido jrsa Jaeger Roc
@Comment  LocalWords:  Titiunik Herron Sergio Firpo Semiparametric OPTkey Crump
                  @Comment LocalWords:  Mebane Jasjeet rgenoud Hotz Mitnik Liaw
                  @Comment LocalWords:  CrumpHotzImbensMitnik Estimand Soko
                  @Comment LocalWords:  Covariate Setoguchi Schneeweiss Kordas
                  @Comment LocalWords:  Brookhart LehrerKordas Lehrer
